@book{goldstein1980classical,
  title={Classical Mechanics},
  author={Goldstein, H. and Poole, C.P.},
  isbn={9780201029185},
  lccn={79023456},
  series={Addison-Wesley series in physics},
  url={https://books.google.de/books?id=9M8QAQAAIAAJ},
  year={1980},
  publisher={Addison-Wesley Publishing Company}
}

@book{k√∂nigsberger2003analysis,
  title={Analysis 1},
  author={K{\"o}nigsberger, K.},
  isbn={9783540403715},
  series={Springer-Lehrbuch},
  url={https://books.google.de/books?id=eQRtZXuUHl4C},
  year={2003},
  publisher={Springer Berlin Heidelberg}
}
