@book{Landau_Elasticity,
    title = {Theory of Elasticity},
    author = {L.D. Landau and E.M. Lifshitz},
    isbn = {978-0750626330},
    year = {1986},
    publisher = {Pergamon Press}
}
